%% Saved with string encoding Unicode (UTF-8) 
%% Citations are save by first author alphabetical order

%%%%%%%%%%%%%%
%% LETTER A %%
%%%%%%%%%%%%%%

%%%%%%%%%%%%%%
%% LETTER B %%
%%%%%%%%%%%%%%

%%%%%%%%%%%%%%
%% LETTER C %%
%%%%%%%%%%%%%%

%%%%%%%%%%%%%%
%% LETTER D %%
%%%%%%%%%%%%%%

%%%%%%%%%%%%%%
%% LETTER E %%
%%%%%%%%%%%%%%

%%%%%%%%%%%%%%
%% LETTER F %%
%%%%%%%%%%%%%%

%%%%%%%%%%%%%%
%% LETTER G %%
%%%%%%%%%%%%%%

%%%%%%%%%%%%%%
%% LETTER H %%
%%%%%%%%%%%%%%

%%%%%%%%%%%%%%
%% LETTER I %%
%%%%%%%%%%%%%%

%%%%%%%%%%%%%%
%% LETTER J %%
%%%%%%%%%%%%%%

%%%%%%%%%%%%%%
%% LETTER K %%
%%%%%%%%%%%%%%

%%%%%%%%%%%%%%
%% LETTER L %%
%%%%%%%%%%%%%%

%%%%%%%%%%%%%%
%% LETTER M %%
%%%%%%%%%%%%%%

@inproceedings{Marlay:2010,
  title={Identifying concentrations of employment in metropolitan areas},
  author={Marlay, Matthew and Gardner, Todd K},
  booktitle={Annual Meeting of the American Sociological Association, Atlanta, GA},
  year={2010}
}

%%%%%%%%%%%%%%
%% LETTER N %%
%%%%%%%%%%%%%%

%%%%%%%%%%%%%%
%% LETTER O %%
%%%%%%%%%%%%%%

%%%%%%%%%%%%%%
%% LETTER P %%
%%%%%%%%%%%%%%

%%%%%%%%%%%%%%
%% LETTER Q %%
%%%%%%%%%%%%%%

%%%%%%%%%%%%%%
%% LETTER R %%
%%%%%%%%%%%%%%

%%%%%%%%%%%%%%
%% LETTER S %%
%%%%%%%%%%%%%%

%%%%%%%%%%%%%%
%% LETTER T %%
%%%%%%%%%%%%%%

%%%%%%%%%%%%%%
%% LETTER U %%
%%%%%%%%%%%%%%

%%%%%%%%%%%%%%
%% LETTER V %%
%%%%%%%%%%%%%%

%%%%%%%%%%%%%%
%% LETTER W %%
%%%%%%%%%%%%%%

%%%%%%%%%%%%%%
%% LETTER X %%
%%%%%%%%%%%%%%

%%%%%%%%%%%%%%
%% LETTER Y %%
%%%%%%%%%%%%%%

%%%%%%%%%%%%%%
%% LETTER Z %%
%%%%%%%%%%%%%%



