@article{Louf:2013_emergence,
  title={Emergence of hierarchy in cost-driven growth of spatial networks},
  author={Louf, R{\'e}mi and Jensen, Pablo and Barthelemy, Marc},
  journal={Proceedings of the National Academy of Sciences},
  volume={110},
  number={22},
  pages={8824--8829},
  year={2013},
  publisher={National Acad Sciences}
}

@article{Borghesi:2013,
  title={Universal size effects for populations in group-outcome decision-making problems},
  author={Borghesi, Christian and Hern{\'a}ndez, Laura and Louf, R{\'e}mi and Caparros, Fabrice},
  journal={Physical Review E},
  volume={88},
  number={6},
  pages={062813},
  year={2013},
  publisher={American Physical Society}
}

@article{Louf:2014_scaling,
  title={Scaling in transportation networks},
  author={Louf, R{\'e}mi and Roth, Camille and Barthelemy, Marc},
  journal={PloS one},
  volume={9},
  number={7},
  pages={e102007},
  year={2014},
  publisher={Public Library of Science}
}


@article{Louf:2014_typology,
  title={A typology of street patterns},
  author={Louf, R{\'e}mi and Barthelemy, Marc},
  journal={Journal of The Royal Society Interface},
  volume={11},
  number={101},
  pages={20140924},
  year={2014},
  publisher={The Royal Society}
}
