@book{Barthelemy:2015,
    author = {Barthelemy, Marc and Louf, R{\'e}mi},
    title = {Shape and Growth of Urban Networks},
    publisher = {Springer},
    year = {2015}
}
