%% Saved with string encoding Unicode (UTF-8) 
%% Citations are save by first author alphabetical order

%%%%%%%%%%%%%%
%% LETTER A %%
%%%%%%%%%%%%%%

@article{Alexander:1964,
  title={A city is not a tree},
  author={Alexander, Christopher},
  journal={1965},
  year={1964}
}

@article{Alonso:1964,
  title={Location and land use. Toward a general theory of land rent.},
  author={Alonso, William and others},
  journal={Location and land use. Toward a general theory of land rent.},
  year={1964},
  publisher={Cambridge, Mass.: Harvard Univ. Pr.}
}

@article{Anas:1998,
  title={Urban spatial structure},
  author={Anas, Alex and Arnott, Richard and Small, Kenneth A},
  journal={Journal of economic literature},
  pages={1426--1464},
  year={1998},
  publisher={JSTOR}
}

@article{Arcaute:2015,
  title={Constructing cities, deconstructing scaling laws},
  author={Arcaute, Elsa and Hatna, Erez and Ferguson, Peter and Youn, Hyejin and Johansson, Anders and Batty, Michael},
  journal={Journal of The Royal Society Interface},
  volume={12},
  number={102},
  pages={20140745},
  year={2015},
  publisher={The Royal Society}
}

%%%%%%%%%%%%%%
%% LETTER B %%
%%%%%%%%%%%%%%

@book{Bairoch:1985,
  title={De J{\'e}richo {\`a} Mexico: villes et {\'e}conomie dans l'histoire},
  author={Bairoch, Paul},
  year={1985},
  publisher={Gallimard Paris}
}

@book{Barenblatt:1996,
  title={Scaling, self-similarity, and intermediate asymptotics: dimensional analysis and intermediate asymptotics},
  author={Barenblatt, Grigory Isaakovich},
  volume={14},
  year={1996},
  publisher={Cambridge University Press}
}

@article{Batty:1995,
  title={New ways of looking at cities},
  author={Batty, Michael},
  journal={Nature},
  volume={377},
  pages={574},
  year={1995}
}

@article{Batty:2006,
  title={Rank clocks},
  author={Batty, Michael},
  journal={Nature},
  volume={444},
  number={7119},
  pages={592--596},
  year={2006},
  publisher={Nature Publishing Group}
}

@article{Batty:2008,
  title={The size, scale, and shape of cities},
  author={Batty, Michael},
  journal={science},
  volume={319},
  number={5864},
  pages={769--771},
  year={2008},
  publisher={American Association for the Advancement of Science}
}

@article{Batty:2011,
  title={Defining city size},
  author={Batty, Michael and Ferguson, Peter},
  journal={Environment and Planning B: Planning and Design},
  volume={38},
  number={5},
  pages={753--756},
  year={2011},
  publisher={Pion Ltd, London}
}

@article{Batty:2012,
  title={Building a science of cities},
  author={Batty, Michael},
  journal={Cities},
  volume={29},
  pages={S9--S16},
  year={2012},
  publisher={Elsevier}
}

@book{Batty:2013,
  title={The new science of cities},
  author={Batty, Michael},
  year={2013},
  publisher={MIT Press}
}

@incollection{Berroir:2008,
  title={La mobilit{\'e} dans la construction du polycentrisme m{\'e}tropolitain},
  author={Berroir, Sandrine and Mathian, H{\'e}l{\`e}ne and Saint-Julien, Th{\'e}r{\`e}se and Sanders, Lena},
  editor={Th{\'e}riault, M. and Des Rosiers, F.},
  booktitle={Information g{\'e}ographique et dynamiques urbaines},
  pages={10--100},
  year={2008},
  publisher={Paris, Hermes}
}

@book{Berry:1967,
  title={Geography of market centers and retail distribution},
  author={Berry, Brian JL},
  year={1967},
  publisher={Prentice-Hall Englewood Cliffs, NJ}
}

@article{Bertaud:2001,
  title={Metropolis: A measure of the spatial organization of 7 large cities},
  author={Bertaud, Alain},
  journal={Unpublished paper. http://alain-bertaud. com/images/AB\_Metropolis\_Spatial\_Organization. pdf},
  year={2001}
}

@article{Bettencourt:2007,
  title={Growth, innovation, scaling, and the pace of life in cities},
  author={Bettencourt, Lu{\'\i}s MA and Lobo, Jos{\'e} and Helbing, Dirk and K{\"u}hnert, Christian and West, Geoffrey B},
  journal={Proceedings of the national academy of sciences},
  volume={104},
  number={17},
  pages={7301--7306},
  year={2007},
  publisher={National Academy of Sciences}
}

@article{Bettencourt:2013,
  title={The origins of scaling in cities},
  author={Bettencourt, Lu{\'\i}s MA},
  journal={Science},
  volume={340},
  number={6139},
  pages={1438--1441},
  year={2013},
  publisher={American Association for the Advancement of Science}
}

@article{Bettencourt:2014,
  title={Professional diversity and the productivity of cities},
  author={Bettencourt, Lu{\'\i}s MA and Samaniego, Horacio and Youn, Hyejin},
  journal={Scientific reports},
  volume={4},
  year={2014},
  publisher={Nature Publishing Group}
}

@article{Boyce:1963,
  title={Changing patterns of urban land consumption},
  author={Boyce, Ronald R},
  journal={The Professional Geographer},
  volume={15},
  number={2},
  pages={19--24},
  year={1963},
  publisher={Taylor \& Francis}
}

@article{Branston:1976,
  title={Link capacity functions: A review},
  author={Branston, David},
  journal={Transportation Research},
  volume={10},
  number={4},
  pages={223--236},
  year={1976},
  publisher={Elsevier}
}

@article{Brueckner:1999,
  title={Why is central Paris rich and downtown Detroit poor?: An amenity-based theory},
  author={Brueckner, Jan K and Thisse, Jacques-Francois and Zenou, Yves},
  journal={European Economic Review},
  volume={43},
  number={1},
  pages={91--107},
  year={1999},
  publisher={Elsevier}
}

%%%%%%%%%%%%%%
%% LETTER C %%
%%%%%%%%%%%%%%

@article{Clark:1951,
  title={Urban population densities},
  author={Clark, Colin},
  journal={Journal of the Royal Statistical Society. Series A (General)},
  volume={114},
  number={4},
  pages={490--496},
  year={1951},
  publisher={JSTOR}
}

@article{Cristelli:2012,
  title={There is more than a power law in Zipf},
  author={Cristelli, Matthieu and Batty, Michael and Pietronero, Luciano},
  journal={Scientific reports},
  volume={2},
  year={2012},
  publisher={Nature Publishing Group}
}

%%%%%%%%%%%%%%
%% LETTER D %%
%%%%%%%%%%%%%%

@article{Daqing:2015,
  title={Percolation transition in dynamical traffic network with evolving critical bottlenecks},
  author={Li, Daqing and Fu, Bowen and Wang, Yunpeng and Lu, Guangquan and Berezin, Yehiel and Stanley, H Eugene and Havlin, Shlomo},
  journal={Proceedings of the National Academy of Sciences},
  volume={112},
  number={3},
  pages={669--672},
  year={2015},
  publisher={National Acad Sciences}
}

@article{Dokmeci:1994,
  title={Transformation of Istanbul from a monocentric to a polycentric city},
  author={D{\"o}kmeci, Vedia and Berk{\"o}z, Lale},
  journal={European Planning Studies},
  volume={2},
  number={2},
  pages={193--205},
  year={1994},
  publisher={Taylor \& Francis}
}

@article{Duranton:2005,
  title={Testing for localization using micro-geographic data},
  author={Duranton, Gilles and Overman, Henry G},
  journal={The Review of Economic Studies},
  volume={72},
  number={4},
  pages={1077--1106},
  year={2005},
  publisher={Oxford University Press}
}

@article{Duranton:2004,
  title={Micro-foundations of urban agglomeration economies},
  author={Duranton, Gilles and Puga, Diego},
  journal={Handbook of regional and urban economics},
  volume={4},
  pages={2063--2117},
  year={2004},
  publisher={Elsevier}
}

@article{Dyson:1962,
  title={Statistical theory of the energy levels of complex systems. I},
  author={Dyson, Freeman J},
  journal={Journal of Mathematical Physics},
  volume={3},
  number={1},
  pages={140--156},
  year={1962},
  publisher={AIP Publishing}
}

%%%%%%%%%%%%%%
%% LETTER E %%
%%%%%%%%%%%%%%

@article{Einstein:1935,
  title={Can quantum-mechanical description of physical reality be considered complete?},
  author={Einstein, Albert and Podolsky, Boris and Rosen, Nathan},
  journal={Physical review},
  volume={47},
  number={10},
  pages={777},
  year={1935},
  publisher={APS}
}

%%%%%%%%%%%%%%
%% LETTER F %%
%%%%%%%%%%%%%%

@techreport{FHWA-PL-11-022,
  author = {Santos, A and McGuckin, N and Nakamoto, H Y and Gray, D and Liss S},
  title = {Summary of travel trends: 2009 national households travel survey},
  number = {FHWA-PL-11-022},
  institution = {Federal Highway Administration},
  address = {Washington, DC},
  month = {February},
  year  = {2011},
  URL = {http://nhts.ornl.gov/2009/pub/stt.pdf},
}

@article{Fragkias:2013,
  title={Does size matter? Scaling of CO2 emissions and US urban areas},
  author={Fragkias, Michail and Lobo, Jos{\'e} and Strumsky, Deborah and Seto, Karen C},
  journal={PLoS One},
  volume={8},
  number={6},
  pages={e64727},
  year={2013},
  publisher={Public Library of Science}
}

@article{Fujita:1982,
  title={Multiple equilibria and structural transition of non-monocentric urban configurations},
  author={Fujita, Masahisa and Ogawa, Hideaki},
  journal={Regional science and urban economics},
  volume={12},
  number={2},
  pages={161--196},
  year={1982},
  publisher={Elsevier}
}

@book{Fujita:1989,
  title={Urban economic theory: land use and city size},
  author={Fujita, Masahisa},
  year={1989},
  publisher={Cambridge university press}
}

@book{Fujita:2001,
  title={The spatial economy: Cities, regions, and international trade},
  author={Fujita, Masahisa and Krugman, Paul R and Venables, Anthony J},
  year={2001},
  publisher={MIT press}
}

@book{Fujita:2013,
  title={Economics of agglomeration: Cities, industrial location, and globalization},
  author={Fujita, Masahisa and Thisse, Jacques-Fran{\c{c}}ois},
  year={2013},
  publisher={Cambridge university press}
}

@article{Fuller:2009,
  title={The scaling of green space coverage in European cities},
  author={Fuller, Richard A and Gaston, Kevin J},
  journal={Biology letters},
  volume={5},
  number={3},
  pages={352--355},
  year={2009},
  publisher={The Royal Society}
}

%%%%%%%%%%%%%%
%% LETTER G %%
%%%%%%%%%%%%%%

@article{Gabaix:1999,
  title={Zipf's law for cities: an explanation},
  author={Gabaix, Xavier},
  journal={Quarterly journal of Economics},
  pages={739--767},
  year={1999},
}

@article{Garreau:1991,
  title={Edge cities: Life on the new frontier},
  author={Garreau, Joel},
  journal={NY: Doubleday},
  year={1991}
}

@article{Gauvin:2013,
  title={Modeling urban housing market dynamics: can the socio-spatial segregation preserve some social diversity?},
  author={Gauvin, Laetitia and Vignes, Annick and Nadal, Jean-Pierre},
  journal={Journal of Economic Dynamics and Control},
  volume={37},
  number={7},
  pages={1300--1321},
  year={2013},
  publisher={Elsevier}
}

@article{Giuliano:1991,
  title={Subcenters in the Los Angeles region},
  author={Giuliano, Genevieve and Small, Kenneth A},
  journal={Regional science and urban economics},
  volume={21},
  number={2},
  pages={163--182},
  year={1991},
  publisher={Elsevier}
}

@article{Gordon:1996,
  title={Beyond polycentricity: the dispersed metropolis, Los Angeles, 1970-1990},
  author={Gordon, Peter and Richardson, Harry W},
  journal={Journal of the American Planning Association},
  volume={62},
  number={3},
  pages={289--295},
  year={1996},
  publisher={Taylor \& Francis}
}

@article{Glaeser:2008,
  title={Why do the poor live in cities? The role of public transportation},
  author={Glaeser, Edward L and Kahn, Matthew E and Rappaport, Jordan},
  journal={Journal of urban Economics},
  volume={63},
  number={1},
  pages={1--24},
  year={2008},
  publisher={Elsevier}
}

@article{Glaeser:2010,
  title={The greenness of cities: carbon dioxide emissions and urban development},
  author={Glaeser, Edward L and Kahn, Matthew E},
  journal={Journal of urban economics},
  volume={67},
  number={3},
  pages={404--418},
  year={2010},
  publisher={Elsevier}
}

@article{Griffith:1981,
  title={Evaluating the transformation from a monocentric to a polycentric city},
  author={Griffith, Daniel A},
  journal={The Professional Geographer},
  volume={33},
  number={2},
  pages={189--196},
  year={1981},
  publisher={Wiley Online Library}
}

@article{Griffith:2007,
    year={2007},
    journal={Journal of Geographical Systems},
    volume={9},
    number={1},
    title={Modeling population density across major US cities: a polycentric spatial regression approach},
    publisher={Springer-Verlag},
    author={Griffith, Daniel A. and Wong, David W.},
    pages={53--75},
}

@article{Guerois:2003,
  title={Les formes des villes europ{\'e}ennes vues du ciel},
  author={Gu{\'e}rois, Marianne},
  journal={These de doctorat, UMR G{\'e}ographie-Cit{\'e}s},
  year={2003}
}
%%%%%%%%%%%%%%
%% LETTER H %%
%%%%%%%%%%%%%%

@article{Harris:1945,
  title={The nature of cities},
  author={Harris, Chauncy D and Ullman, Edward L},
  journal={The Annals of the American Academy of Political and Social Science},
  pages={7--17},
  year={1945},
}

@book{Harvey:1969,
  title={Explanation in geography},
  author={Harvey, David},
  year={1969},
  publisher={Edward Arnold London}
}

%%%%%%%%%%%%%%
%% LETTER I %%
%%%%%%%%%%%%%%

%%%%%%%%%%%%%%
%% LETTER J %%
%%%%%%%%%%%%%%

@book{Jacobs:1961,
  title={The death and life of great American cities},
  author={Jacobs, Jane},
  year={1961},
  publisher={Random House}
}

@article{Jargowsky:1996,
  title={Take the money and run: economic segregation in US metropolitan areas},
  author={Jargowsky, Paul A},
  journal={American sociological review},
  pages={984--998},
  year={1996},
  publisher={JSTOR}
}

@book{Jaynes:1989,
  title={Papers on probability, statistics, and statistical physics},
  author={Jaynes, Edwin T},
  volume={50},
  year={1989},
  publisher={Springer Science \& Business Media}
}

@article{Jefferson:1989,
  title={Why geography? The law of the primate city},
  author={Jefferson, Mark},
  journal={Geographical Review},
  pages={226--232},
  year={1989},
}

@article{Jefferson:1909,
  title={The Anthropography of Some Great Cities. A Study in Distribution of Population},
  author={Jefferson, Mark},
  journal={Bulletin of the American Geographical Society},
  pages={537--566},
  year={1909}
}
%%%%%%%%%%%%%%
%% LETTER K %%
%%%%%%%%%%%%%%

@article{Kemper:1974,
  title={The density gradient for manufacturing industry},
  author={Kemper, Peter and Schmenner, Roger},
  journal={Journal of Urban Economics},
  volume={1},
  number={4},
  pages={410--427},
  year={1974},
  publisher={Elsevier}
}

@article{Krugman:1996,
  title={Confronting the mystery of urban hierarchy},
  author={Krugman, Paul},
  journal={Journal of the Japanese and International economies},
  volume={10},
  number={4},
  pages={399--418},
  year={1996},
  publisher={Elsevier}
}

%%%%%%%%%%%%%%
%% LETTER L %%
%%%%%%%%%%%%%%

@article{Ladyman:2013,
  title={What is a complex system?},
  author={Ladyman, James and Lambert, James and Wiesner, Karoline},
  journal={European Journal for Philosophy of Science},
  volume={3},
  number={1},
  pages={33--67},
  year={2013},
  publisher={Springer}
}

@inproceedings{LeNechet:2010,
  title={Quantifier l'{\'e}loignement au mod{\`e}le de Bussi{\`e}re: monocentrisme contre" Acentrisme"},
  author={Le N{\'e}chet, Florent},
  booktitle={Neuvi{\`e}mes rencontres de Th{\'e}o Quant},
  pages={19--p},
  year={2010}
}

@article{LeNechet:2015,
  title={De la forme urbaine {\`a} la structure m{\'e}tropolitaine: une
      typologie de la configuration interne des densit{\'e}s pour les
          principales m{\'e}tropoles europ{\'e}ennes de l'Audit Urbain},
  author={Le N{\'e}chet, Florent},
  journal={Cybergeo: European Journal of Geography},
  year={2015},
  publisher={CNRS-UMR G{\'e}ographie-cit{\'e}s 8504}
}

@article{Louail:2014,
  title={From mobile phone data to the spatial structure of cities},
  author={Louail, Thomas and Lenormand, Maxime and Ros, Oliva G Cantu and Picornell, Miguel and Herranz, Ricardo and Frias-Martinez, Enrique and Ramasco, Jos{\'e} J and Barthelemy, Marc},
  journal={Scientific reports},
  volume={4},
  year={2014},
  publisher={Nature Publishing Group}
}

@article{Louf:2013_polycentric,
  title={Modeling the polycentric transition of cities},
  author={Louf, R{\'e}mi and Barthelemy, Marc},
  journal={Physical review letters},
  volume={111},
  number={19},
  pages={198702},
  year={2013},
  publisher={APS}
}

@article{Louf:2014_smog,
  title={Scaling: lost in the smog},
  author={Louf, R{\'e}mi and Barthelemy, Marc},
  journal={Environment and Planning B: Planning and Design},
  volume={41},
  number={5},
  pages={767--769},
  year={2014},
  publisher={Pion Ltd, London}
}

@article{Louf:2014_mobility,
  title={How congestion shapes cities: from mobility patterns to scaling},
  author={Louf, R{\'e}mi and Barthelemy, Marc},
  journal={Scientific reports},
  volume={4},
  year={2014},
  publisher={Nature Publishing Group}
}

@book{Luckhardt:1979,
  title={Wittgenstein, sources and perspectives},
  author={Luckhardt, C Grant},
  publisher={St Augustine's Press},
  year={1979}
}

%%%%%%%%%%%%%%
%% LETTER M %%
%%%%%%%%%%%%%%

@article{Makse:1995,
  title={Modelling urban growth patterns},
  author={Makse, Hern{\'a}n A and Havlin, Shlomo and Stanley, H Eugene},
  journal={Nature},
  volume={377},
  number={6550},
  pages={608--612},
  year={1995}
}

@inproceedings{Marlay:2010,
  title={Identifying concentrations of employment in metropolitan areas},
  author={Marlay, Matthew and Gardner, Todd K},
  booktitle={Annual Meeting of the American Sociological Association, Atlanta, GA},
  year={2010}
}

@article{Marcon:2009,
  title={Measures of the geographic concentration of industries: improving distance-based methods},
  author={Marcon, Eric and Puech, Florence},
  journal={Journal of Economic Geography},
  pages={lbp056},
  year={2009},
  publisher={Oxford Univ Press}
}

@book{Massey:1993,
  title={American apartheid: Segregation and the making of the underclass},
  author={Massey, Douglas S and Denton, Nancy A},
  year={1993},
  publisher={Harvard University Press}
}

@article{McDonald:1987,
  title={The identification of urban employment subcenters},
  author={McDonald, John F},
  journal={Journal of Urban Economics},
  volume={21},
  number={2},
  pages={242--258},
  year={1987},
  publisher={Elsevier}
}

@article{McMillen:2001,
  title={Nonparametric employment subcenter identification},
  author={McMillen, Daniel P},
  journal={Journal of Urban economics},
  volume={50},
  number={3},
  pages={448--473},
  year={2001},
  publisher={Elsevier}
}

@article{McMillen:2003,
  title={The number of subcenters in large urban areas},
  author={McMillen, Daniel P and Smith, Stefani C},
  journal={Journal of Urban Economics},
  volume={53},
  number={3},
  pages={321--338},
  year={2003},
  publisher={Elsevier}
}

@article{Melo:2009,
  title={A meta-analysis of estimates of urban agglomeration economies},
  author={Melo, Patricia C and Graham, Daniel J and Noland, Robert B},
  journal={Regional science and urban Economics},
  volume={39},
  number={3},
  pages={332--342},
  year={2009},
  publisher={Elsevier}
}

@article{Mills:1972,
  title={Studies in the Structure of the Urban Economy.},
  author={Mills, Edwin S},
  year={1972},
  journal={ERIC}
}

@book{Mumford:1961,
  title={The city in history. its origins, its transformation, and its prospects},
  author={Mumford, Lewis},
  year={1961},
  publisher={Harcourt. Brace \& world}
}

@book{Muth:1969,
  title={Cities and housing: The spatial patterns of urban residential land use},
  author={Muth, Richard},
  publisher={University of Chicago Press},
  year={1969}
}

%%%%%%%%%%%%%%
%% LETTER N %%
%%%%%%%%%%%%%%

@book{Nordbeck:1965,
  title={The law of allometric growth},
  author={Nordbeck, Stig},
  series={Discussion paper - Michigan Inter-University Community of Mathematical Geographers},
  year={1965},
  publisher={Department of Geography, University of Michigan}
}

@article{Nordbeck:1971,
  title={Urban allometric growth},
  author={Nordbeck, Stig},
  journal={Geografiska Annaler. Series B, Human Geography},
  volume={53},
  number={1},
  pages={54--67},
  year={1971},
  publisher={JSTOR}
}

%%%%%%%%%%%%%%
%% LETTER O %%
%%%%%%%%%%%%%%

@article{Odland:1978,
  title={The conditions for multi-center cities},
  author={Odland, John},
  journal={Economic Geography},
  pages={234--244},
  year={1978}
}

@article{Oliveira:2014,
  title={Large cities are less green},
  author={Oliveira, Erneson A and Andrade Jr, Jos{\'e} S and Makse, Hern{\'a}n A},
  journal={Scientific reports},
  volume={4},
  year={2014},
  publisher={Nature Publishing Group}
}

%%%%%%%%%%%%%%
%% LETTER P %%
%%%%%%%%%%%%%%

@phdthesis{Paulus:2004,
  title={Co{\'e}volution dans les syst{\`e}mes de villes: croissance et sp{\'e}cialisation des aires urbaines fran{\c{c}}aises de 1950 {\`a} 2000},
  author={Paulus, Fabien},
  year={2004},
  school={Universit{\'e} Panth{\'e}on-Sorbonne-Paris I}
}

@article{Pereira:2013,
  title={Urban centrality: a simple index},
  author={Pereira, Rafael Henrique Moraes and Nadalin, Vanessa and Monasterio, Leonardo and Albuquerque, Pedro HM},
  journal={Geographical Analysis},
  volume={45},
  number={1},
  pages={77--89},
  year={2013},
  publisher={Wiley Online Library}
}

@article{Pumain:1997,
  title={City size distributions and metropolisation},
  author={Pumain, Denise and Moriconi-Ebrard, Fran{\c{c}}ois},
  journal={Geojournal},
  volume={43},
  number={4},
  pages={307--314},
  year={1997},
  publisher={Springer}
}

@article{Pumain:2004,
  title={Scaling laws and urban systems},
  author={Pumain, Denise},
  journal={Santa Fe Institute, Working Paper n 04-02},
  volume={2},
  pages={26},
  year={2004}
}

@article{Pumain:2006,
  title={An evolutionary theory for interpreting urban scaling laws},
  author={Pumain, Denise and Paulus, Fabien and Vacchiani-Marcuzzo, C{\'e}line and Lobo, Jos{\'e}},
  journal={Cybergeo: European Journal of Geography},
  year={2006},
  publisher={CNRS-UMR G{\'e}ographie-cit{\'e}s 8504}
}

@incollection{Pumain:2012,
  title={Urban systems dynamics, urban growth and scaling laws: The question of ergodicity},
  author={Pumain, Denise},
  booktitle={Complexity Theories of Cities Have Come of Age},
  pages={91--103},
  year={2012},
  publisher={Springer}
}

%%%%%%%%%%%%%%
%% LETTER Q %%
%%%%%%%%%%%%%%

%%%%%%%%%%%%%%
%% LETTER R %%
%%%%%%%%%%%%%%


@article{Redfearn:2007,
    title = {The topography of metropolitan employment: Identifying centers of employment in a polycentric urban area},
    journal ={Journal of Urban Economics},
    volume={61},
    number={3},
    pages={519--541},
    year={2007},
    author={Christian L. Redfearn}
}

@article{Rozenfeld:2008,
  title={Laws of population growth},
  author={Rozenfeld, Hern{\'a}n D and Rybski, Diego and Andrade, Jos{\'e} S and Batty, Michael and Stanley, H Eugene and Makse, Hern{\'a}n A},
  journal={Proceedings of the National Academy of Sciences},
  volume={105},
  number={48},
  pages={18702--18707},
  year={2008},
  publisher={National Academy of Sciences}
}

@article{Roth:2012,
  title={A long-time limit for world subway networks},
  author={Roth, Camille and Kang, Soong Moon and Batty, Michael and Barthelemy, Marc},
  journal={Journal of The Royal Society Interface},
  pages={0259},
  volume={12},
  year={2012},
  publisher={The Royal Society}
}

@article{Rybski:2013,
  title={Cities as nuclei of sustainability?},
  author={Rybski, Diego and Sterzel, Till and Reusser, Dominik E and Winz, Anna-Lena and Fichtner, Christina and Kropp, J{\"u}rgen P},
  journal={arXiv:1304.4406},
  year={2013}
}

%%%%%%%%%%%%%%
%% LETTER S %%
%%%%%%%%%%%%%%

@article{Samaniego:2008,
  title={Cities as organisms: Allometric scaling of urban road networks},
  author={Samaniego, Horacio and Moses, Melanie E},
  journal={Journal of Transport and Land use},
  volume={1},
  number={1},
  year={2008}
}

@article{Sanders:2014,
  title={G{\'e}ographie quantitative et analyse spatiale: quelles formes de scientificit{\'e}s},
  author={Sanders, Lena},
  journal={La scientificit{\'e} des Sciences Humaines et Sociales, Philosophie des sciences. Vuibert, to be published},
  year={2011}
}

@article{Schelling:1971,
  title={Dynamic models of segregation},
  author={Schelling, Thomas C},
  journal={Journal of mathematical sociology},
  volume={1},
  number={2},
  pages={143--186},
  year={1971},
  publisher={Taylor \& Francis}
}

@article{Schlapfer:2014,
  title={The scaling of human interactions with city size},
  author={Schl{\"a}pfer, Markus and Bettencourt, Lu{\'\i}s MA and Grauwin, S{\'e}bastian and Raschke, Mathias and Claxton, Rob and Smoreda, Zbigniew and West, Geoffrey B and Ratti, Carlo},
  journal={Journal of The Royal Society Interface},
  volume={11},
  number={98},
  pages={20130789},
  year={2014},
  publisher={The Royal Society}
}

@article{Schwarz:2010,
  title={Urban form revisited-Selecting indicators for characterising European cities},
  author={Schwarz, Nina},
  journal={Landscape and Urban Planning},
  volume={96},
  number={1},
  pages={29--47},
  year={2010},
  publisher={Elsevier}
}

@article{Simon:1962,
  title={The Architecture of Complexity},
  author={Simon, Herbert A},
  journal={Proceedings of the American Philosophical Society},
  volume={106},
  number={6},
  pages={467--482},
  year={1962}
}

@article{Stewart:1947,
  title={Suggested Principles of "Social Physics"},
  author={Stewart, John Q},
  journal={Science},
  volume={106},
  number={2748},
  pages={179--180},
  year={1947},
  publisher={American Association for the Advancement of Science}
}

@article{Stewart:1958,
  title={Physics of population distribution},
  author={Stewart, John Q and Warntz, William},
  journal={Journal of regional science},
  volume={1},
  number={1},
  pages={99--121},
  year={1958},
  publisher={Wiley Online Library}
}

%%%%%%%%%%%%%%
%% LETTER T %%
%%%%%%%%%%%%%%

@book{Thompson:1942,
  title={On growth and form},
  author={Thompson, Darcy Wentworth},
  year={1942},
  publisher={Cambridge Univ. Press}
}

@article{Tsai:2005,
  title={Quantifying urban form: compactness versus' sprawl'},
  author={Tsai, Yu-Hsin},
  journal={Urban studies},
  volume={42},
  number={1},
  pages={141--161},
  year={2005},
  publisher={SAGE Publications}
}

@article{Tobler:1969,
  title={Satellite confirmation of settlement size coefficients},
  author={Tobler, Waldo R},
  journal={Area},
  volume={1},
  number={3},
  pages={30--34},
  year={1969},
  publisher={JSTOR}
}

@article{Tobler:1970,
  title={A computer movie simulating urban growth in the Detroit region},
  author={Tobler, Waldo R},
  journal={Economic geography},
  pages={234--240},
  year={1970},
  publisher={JSTOR}
}

@article{Glass:1971,
  title={General: Uniform Distribution of Objects in a Homogeneous Field: Cities on a Plain},
  author={Glass, Leon and Tobler, Waldo R},
  journal={Nature},
  volume={233},
  year={1971},
  publisher={Nature Publishing Group}
}

%%%%%%%%%%%%%%
%% LETTER U %%
%%%%%%%%%%%%%%

%%%%%%%%%%%%%%
%% LETTER V %%
%%%%%%%%%%%%%%

@article{Veregin:1997,
  title={Allometric relationships in the structure of street-level databases},
  author={Veregin, Howard and Tobler, Waldo R},
  journal={Computers, environment and urban systems},
  volume={21},
  number={3},
  pages={277--290},
  year={1997},
  publisher={Elsevier}
}

%%%%%%%%%%%%%%
%% LETTER W %%
%%%%%%%%%%%%%%

%%%%%%%%%%%%%%
%% LETTER X %%
%%%%%%%%%%%%%%

%%%%%%%%%%%%%%
%% LETTER Y %%
%%%%%%%%%%%%%%

@article{Youn:2014,
  title={The systematic structure and predictability of urban business diversity},
  author={Youn, Hyejin and Bettencourt, Lu{\'\i}s and Lobo, Jos{\'e} and Strumsky, Deborah and Samaniego, Horacio and West, Geoffrey B},
  journal={arXiv:1405.3202},
  year={2014}
}

%%%%%%%%%%%%%%
%% LETTER Z %%
%%%%%%%%%%%%%%

@book{Zipf:1949,
  title={Human behavior and the principle of least effort},
  author={Zipf, George Kingsley},
  year={1949},
  publisher={Addison-Wesley Press}
}


