@article{Louf:2013_emergence,
  title={Emergence of hierarchy in cost-driven growth of spatial networks},
  author={Louf, R{\'e}mi and Jensen, Pablo and Barthelemy, Marc},
  journal={Proceedings of the National Academy of Sciences, U.S.A.},
  volume={110},
  number={22},
  pages={8824--8829},
  year={2013}
}

@article{Louf:2013_polycentric,
  title={Modeling the polycentric transition of cities},
  author={Louf, R{\'e}mi and Barthelemy, Marc},
  journal={Physical Review Letters},
  volume={111},
  number={19},
  pages={198702},
  year={2013}
}

@article{Louf:2014_mobility,
  title={How congestion shapes cities: from mobility patterns to scaling},
  author={Louf, R{\'e}mi and Barthelemy, Marc},
  journal={Scientific Reports},
  volume={4},
  year={2014},
  pages={5561}
}

@article{Louf:2014_smog,
  title={Scaling: lost in the smog},
  author={Louf, R{\'e}mi and Barthelemy, Marc},
  journal={Environment and Planning B: Planning and Design},
  volume={41},
  number={5},
  pages={767--769},
  year={2014}
}

@article{Louf:2015,
  title={Patterns of residential segregation},
  author={Louf, R{\'e}mi and Barthelemy, Marc},
  journal={Submitted},
  volume={},
  number={},
  pages={},
  year={2015}
}
