@book{Barthelemy:2015,
    author = {Barthelemy, Marc and Louf, R{\'e}mi},
    title = {Morphogenesis of Urban Networks},
    publisher = {Springer},
    year = {2016}
}
